@misc{StarsInMilkyWay,
  title 	= "{How Many Stars in the Milky Way}",
  howpublished 	= {\url{http://asd.gsfc.nasa.gov/blueshift/index.php/2015/07/22/how-many-stars-in-the-milky-way/}},
  note 		= {Accessed: 2016-20-3}
}

@misc{FusionTemp,
  title 	= "{Nuclear Fusion in Stars}",
  howpublished 	= {\url{http://www.universetoday.com/25247/nuclear-fusion-in-stars/}},
  note 		= {Accessed: 2016-1-4}
}

@misc{MinMaxMass,
  title 	= "{Minimum and Maximum Masses for Stars}",
  howpublished 	= {\url{http://www.thphys.may.ie/staff/mshadmehri/AstroNotes/MINIMUM.pdf}},
  note 		= {Accessed: 2016-25-3}
}

@book{Maoz,
  author    = {Dan Maoz}, 
  title     = {Astrophysics in a Nutshell},
  publisher = {Princeton University Press},
  year      = 2007
}

@article{PriceAndBate,
      author         = "Price, Daniel J. and Bate, Matthew R.",
      title          = "{The impact of magnetic fields on single and binary star
                        formation}",
      journal        = "Mon. Not. Roy. Astron. Soc.",
      volume         = "377",
      year           = "2007",
      pages          = "77-90",
      doi            = "10.1111/j.1365-2966.2007.11621.x",
      eprint         = "astro-ph/0702410",
      archivePrefix  = "arXiv",
      primaryClass   = "astro-ph",
      SLACcitation   = "%%CITATION = ASTRO-PH/0702410;%%"
}

@misc{Magnetic,
  title 	= "{Magnetic fields in star formation: from stars to galaxies}",
  howpublished 	= {\url{http://users.monash.edu.au/~dprice/talks/price_cozumeljan08.pdf}},
  note 		= {Accessed: 2016-30-3}
}

@article{Casares,
      author         = "Casares, Jorge",
      title          = "{Observational evidence for stellar-mass black holes}",
      booktitle      = "{Proceedings, IAU Symposium 238: Black Holes: From Stars
                        to Galaxies}",
      journal        = "IAU Symp.",
      volume         = "238",
      year           = "2007",
      pages          = "3-12",
      doi            = "10.1017/S1743921307004590",
      eprint         = "astro-ph/0612312",
      archivePrefix  = "arXiv",
      primaryClass   = "astro-ph",
      SLACcitation   = "%%CITATION = ASTRO-PH/0612312;%%"
}

@article{Abbot,
      author         = "Abbott, B. P. and others",
      title          = "{Astrophysical Implications of the Binary Black-Hole
                        Merger GW150914}",
      collaboration  = "Virgo, LIGO Scientific",
      journal        = "Astrophys. J.",
      volume         = "818",
      year           = "2016",
      number         = "2",
      pages          = "L22",
      doi            = "10.3847/2041-8205/818/2/L22",
      eprint         = "1602.03846",
      archivePrefix  = "arXiv",
      primaryClass   = "astro-ph.HE",
      reportNumber   = "LIGO-P1500262",
      SLACcitation   = "%%CITATION = ARXIV:1602.03846;%%"
}













